<record><leader>00000cas a22000007a 4500</leader><controlfield tag="001">10242988</controlfield><controlfield tag="008">831221d19261931mtuwr ne      0    0eng d</controlfield><datafield ind1=" " ind2=" " tag="010"><subfield code="a">sn 83047013 </subfield></datafield><datafield ind1=" " ind2=" " tag="040"><subfield code="a">MTL</subfield><subfield code="b">eng</subfield><subfield code="c">MTL</subfield><subfield code="d">NVO</subfield><subfield code="d">OCLCQ</subfield></datafield><datafield ind1=" " ind2=" " tag="042"><subfield code="a">msc</subfield></datafield><datafield ind1="0" ind2="4" tag="245"><subfield code="a">The Alzada fairplay and the Piniele, Mont., leader.</subfield></datafield><datafield ind1=" " ind2=" " tag="260"><subfield code="a">Alzada, Mont. :</subfield><subfield code="b">D.M. Leight,</subfield><subfield code="c">1926-1931.</subfield></datafield><datafield ind1=" " ind2=" " tag="300"><subfield code="a">5 v. :</subfield><subfield code="b">ill.</subfield></datafield><datafield ind1=" " ind2=" " tag="310"><subfield code="a">Weekly</subfield></datafield><datafield ind1="0" ind2=" " tag="362"><subfield code="a">Vol. 16, no. 44 (June 30, 1926)-v. 21, no. 36 (Sept. 3, 1931).</subfield></datafield><datafield ind1=" " ind2=" " tag="500"><subfield code="a">Issued with: Colony coyote, June 19, 1930-Sept. 3, 1931. "We are printing the Alzada Fairplay on the inside pages of the Colony Coyote and the Colony Coyote on the inside pages of the Alzada Fairplay."</subfield></datafield><datafield ind1=" " ind2=" " tag="580"><subfield code="a">Merged with: Colony coyote (Colony, Wyo. : 1927), to form Mont. and Wyo. eds. of: The Colony coyote and the Alzada fairplay.</subfield></datafield><datafield ind1=" " ind2="4" tag="651"><subfield code="a">Alzada (Mont.)</subfield><subfield code="v">Newspapers.</subfield></datafield><datafield ind1=" " ind2="4" tag="651"><subfield code="a">Piniele (Mont.)</subfield><subfield code="v">Newspapers.</subfield></datafield><datafield ind1=" " ind2="4" tag="651"><subfield code="a">Carter County (Mont.)</subfield><subfield code="v">Newspapers.</subfield></datafield><datafield ind1=" " ind2=" " tag="752"><subfield code="a">United States</subfield><subfield code="b">Montana</subfield><subfield code="c">Carter</subfield><subfield code="d">Alzada.</subfield></datafield><datafield ind1="0" ind2=" " tag="777"><subfield code="t">Colony coyote</subfield><subfield code="w">(OCoLC)10333840</subfield><subfield code="g">June 19, 1930-Sept. 3, 1931</subfield></datafield><datafield ind1="0" ind2="4" tag="780"><subfield code="t">Alzada fairplay</subfield><subfield code="w">(DLC)sn 83047012</subfield></datafield><datafield ind1="0" ind2="4" tag="780"><subfield code="t">Piniele leader</subfield><subfield code="w">(DLC)sn 85053234</subfield></datafield><datafield ind1="1" ind2="7" tag="785"><subfield code="t">Colony coyote (Colony, Wyo. : 1927)</subfield><subfield code="w">(DLC)sn 84036017</subfield></datafield><datafield ind1="1" ind2="7" tag="785"><subfield code="t">Colony coyote and the Alzada fairplay (Alzada, Mont.)</subfield><subfield code="w">(DLC)sn 83047014</subfield></datafield><datafield ind1="1" ind2="7" tag="785"><subfield code="t">Colony coyote and the Alzada fairplay (Colony, Wyo.)</subfield><subfield code="w">(DLC)sn 92067058</subfield></datafield></record>